@Book{AIbyExample,
  author =	 {Mat Buckland},
  title = 	 {Programming Game {AI} by Example},
  publisher = 	 {Wordware Publishing, Inc.},
  year = 	 2005
}

@misc{CruiseControl,
  author    = {ThoughtWorks, Inc.},
  title     = {Cruise Control},
  year      = {2001},
  webpage   = {http://cruisecontrol.sourceforge.net/index.html},
  lastaccess = {Octubre, 2009}
}

@Book{CVS,
  author =	 {Jennifer Vesperman},
  title = 	 {Essential CVS},
  publisher = 	 {O'Reilly},
  year = 	 2003,
  isbn = {0-596-00459-1}
}

@Book{Subversion,
  author =	 {Ben Collins-Sussman and Brian W. Fitzpatrick and C. Michael Pilato},
  title = 	 {Version Control with Subversion},
  publisher = 	 {O'Reilly},
  year = 	 2004,
  isbn = {0-596-00448-6},
  webpage = {http://svnbook.red-bean.com/},
  lastaccess = {Octubre, 2009}
}

@Wikipedia{LaTeXWikipedia,
   author     = {Wikipedia},
   title      = {{LaTeX}},
   wpentry    = {LaTeX},
   language   = {es},
   webpage    = {http://es.wikipedia.org/wiki/LaTeX},
   lastaccess = {Octubre, 2009},
}


@Misc{Fowler06,
  author =	 {Martin Fowler},
  title =	 {Continuous Integration},
  year = 2006,
  webpage   = {http://martinfowler.com/articles/continuousIntegration.html},
  lastaccess = {Octubre, 2009}
}

@Book{emacsStallman,
  author =	 {Richard M. Stallman},
  title =	 {{GNU} Emacs Manual for Version 22, 16th Edition},
  publisher = 	 {Free Software Foundation},
  year = 	 {2007},
  webpage = {http://www.gnu.org/software/emacs/manual/emacs.pdf},
  lastaccess = {Octubre, 2009},
}

@Book{libroMake,
  author = {Robert Mecklenburg},
  title  = {Managing Projects with GNU Make, 3rd edition},
  publisher = {O'Reilly Media, Inc},
  year = {2004},
  isbn = {0596006101}
}
  